<?xml version="1.0" encoding="UTF-8"?><collection xmlns="http://www.loc.gov/MARC21/slim"><record><leader>00417nam--2200133-i-4500</leader><controlfield tag="001">000047382</controlfield><controlfield tag="002">20161230</controlfield><controlfield tag="005">20161230201046</controlfield><controlfield tag="008">060222s1000------------r-----000-0-eng-d</controlfield><datafield ind1=" " ind2=" " tag="080"><subfield code="a">621.039.512:519.688(043)</subfield></datafield><datafield ind1=" " ind2=" " tag="100"><subfield code="a">Wiessenfeld,Bernard</subfield></datafield><datafield ind1=" " ind2=" " tag="245"><subfield code="a">Etude du gain de surregeneration des reacteurs a neutrons rapides de concept heterogene. these</subfield></datafield><datafield ind1=" " ind2=" " tag="260"><subfield code="a">Orsay, Univ.De Paris-sud, 1980. 74 P.+fig</subfield></datafield><datafield ind1=" " ind2=" " tag="852"><subfield code="a">49654</subfield></datafield></record></collection>